<record><leader>00000cas a2200000 a 4500</leader><controlfield tag="001">12756540</controlfield><controlfield tag="008">851104d19001933njudn ne      0    0eng d</controlfield><datafield ind1=" " ind2=" " tag="010"><subfield code="a">sn 88071082 </subfield></datafield><datafield ind1=" " ind2=" " tag="040"><subfield code="a">NWM</subfield><subfield code="b">eng</subfield><subfield code="c">NWM</subfield><subfield code="d">NJW</subfield><subfield code="d">OCL</subfield><subfield code="d">OCLCQ</subfield></datafield><datafield ind1=" " ind2=" " tag="042"><subfield code="a">msc</subfield></datafield><datafield ind1="0" ind2=" " tag="130"><subfield code="a">Daily record (Morristown, N.J. : 1900)</subfield></datafield><datafield ind1="1" ind2="4" tag="245"><subfield code="a">The daily record.</subfield></datafield><datafield ind1=" " ind2=" " tag="260"><subfield code="a">Morristown, N.J. :</subfield><subfield code="b">F.H. Tomlinson,</subfield><subfield code="c">1900-1933.</subfield></datafield><datafield ind1=" " ind2=" " tag="300"><subfield code="a">v. :</subfield><subfield code="b">ill.</subfield></datafield><datafield ind1=" " ind2=" " tag="310"><subfield code="a">Daily (except Sun.)</subfield></datafield><datafield ind1="0" ind2=" " tag="362"><subfield code="a">Vol. 1, no. 1 (June 25, 1900)-v. 34, no. 76 (Sept. 23, 1933).</subfield></datafield><datafield ind1=" " ind2=" " tag="530"><subfield code="a">Also issued on microfilm.</subfield></datafield><datafield ind1=" " ind2=" " tag="752"><subfield code="a">United States</subfield><subfield code="b">New Jersey</subfield><subfield code="c">Morris</subfield><subfield code="d">Morristown.</subfield></datafield><datafield ind1="0" ind2="5" tag="780"><subfield code="t">Jerseyman</subfield><subfield code="w">(DLC)sn 84026139</subfield><subfield code="w">(OCoLC)10302984</subfield></datafield><datafield ind1="0" ind2="0" tag="785"><subfield code="t">Morristown daily record</subfield><subfield code="w">(DLC)sn 84026140</subfield><subfield code="w">(OCoLC)10296011</subfield></datafield></record>